<?xml version="1.0" encoding="UTF-8"?><collection xmlns="http://www.loc.gov/MARC21/slim"><record><leader>00471nam--2200145-i-4500</leader><controlfield tag="001">000006228</controlfield><controlfield tag="002">20161230</controlfield><controlfield tag="005">20161230201026</controlfield><controlfield tag="008">060222s1000------------r-----000-0-eng-d</controlfield><datafield ind1="1" ind2=" " tag="100"><subfield code="a">Frank, Philipp ; Mises, Richard v</subfield></datafield><datafield ind1="1" ind2="0" tag="245"><subfield code="a">Die differential-und integralgelichungen der mechanik und physik. 2.vermehrten auflage vol.i: mathematischer teil</subfield></datafield><datafield ind1=" " ind2=" " tag="260"><subfield code="a">New York, Dover Publ.Inc., 1961</subfield></datafield><datafield ind1=" " ind2=" " tag="300"><subfield code="a">XXIII+916P</subfield></datafield><datafield ind1=" " ind2=" " tag="852"><subfield code="a">18539</subfield><subfield code="c">517.9</subfield></datafield><datafield ind1=" " ind2=" " tag="CAT"><subfield code="a">Sys</subfield><subfield code="c">20080930</subfield><subfield code="h">122928</subfield></datafield></record></collection>